@article{GRiD,
  title={GPT-generated Text Detection: Benchmark Dataset and Tensor-based Detection Method},
  author={Zubair Qazi, William Shiao and Evangelos E. Papalexakis},
  journal={arXiv preprint arXiv:2403.07321},
  month=mar,
  year={2024},
  url={https://arxiv.org/abs/2403.07321}
}

@article{BERT,
  title={AI-Generated Text Detection and Classification Based on BERT Deep Learning Algorithm},
  author={Hao Wang, Jiasnwei Li and Zhengyu Li},
  journal={arXiv preprint arXiv:2405.16422v1},
  month=may,
  year={2024},
  url={https://arxiv.org/abs/2405.16422v1}
}

